/home/jappie/Papers/references.bib