@article{stimpson:2001,
  title = {Satisficing and Learning Cooperation in the Prisoner's Dilemma},
  author = {Stimpson L., Jeffrey and Goodrich A., Micheal and Walters, Laurence},
  organization = {Computer Science Depertament, Brigham Young University},
  address = {Provo, UT 84602},
  year = {2001},
}

@article{stimpson:2003,
  title = {Learning To Cooperate in a Social Dilemma A Satisficing Approach to Bargaining},
  author = {Stimpson L., Jeffrey and Goodrich A., Micheal},
  organization = {Computer Science Depertament, Brigham Young University},
  address = {Provo, UT 84602},
  year = {2003},
}

@article{karandikar,
  title = {Evolving Aspirations and Cooperation},
  author = {Karandikar, Rajeeva},
  organization = {Indian Statistical Institute},
  address = {New Delhi 110 016, India},
  year = {1998},
}

@article{sandholm,
  title = {Multiagent Reinforcement learning in the Iterated prisonerâ€™s dilemma},
  author = {Sandholm and Crites},
  year = {1996},
}

@article{arthur,
  title = {Designing economic agents that act like human agents: A behavioral approach to bounded rationality},
  author = {Arthur},
  year = {1991},
}

@article{bowling,
  title = {Rational learning of mixed equilibria in stochastic games},
  author = {Bowling and Veloso},
  year = {2000},
}

@article{feltovich,
  title = {Reinforcement-based vs. belief-based learning models in experimental assymetric-information games},
  author = {Feltovich},
  year = {2000},
}

@article{crandall,
  title = {Learning Successful Strategies in Repeated General-sum Games},
  author = {Crandall},
  year = {2005},
}
@article{herbert,
  title = {A behavioral model of rational choice},
  author = {Simon A., Herbert},
  Pages = {99-118},
  Journal = {The quarterly journal of economics},
  Volume = 69,
  year = {1955},
}

@article{binmore,
  title = {Testing Noncooperative Bargaining Theory},
  author = {Binmore, K and Shaked, A and Sutton, J},
  Pages = {1178-1180},
  Journal = {The American Economic Review},
  Number= 5,
  Volume = 75,
  year = {1985},
}