@inproceedings{augello2015social,
  title={Social practices for social driven conversations in serious games},
  author={Augello, Agnese and Gentile, Manuel and Dignum, Frank},
  booktitle={International Conference on Games and Learning Alliance},
  pages={100--110},
  year={2015},
  organization={Springer}
}

@techreport{campos_mabs2009,
  title={Modelling agent reasoning according to a pesonality type},
  author={Campos, Andre and Dignum, Frank and Dignum, Virginia},
  year={2009},
  organization={Computer Science and Applied mathematics Dept., Dimap/UFRN
  Infomration and Computing Sciences Dept., Utrecht University}
}
@techreport{campos_mabs2016,
  title={Social Agents for Learning in Virtual Environments},
  author={Augello, Agnese and Gentile, Manuel and Dignum, Frank },
  year={2016},
  organization={
  ICAR - National Research Council of Italy,
  ITD - national Research Council of Itally,
  Utrecht University}
}